
@article{Fournier_2012,
	Author = {Fournier, David A. and Skaug, Hans J. and Ancheta, Johnoel and Ianelli, James and Magnusson, Arni and Maunder, Mark N. and Nielsen, Anders and Sibert, John},
	Date-Added = {2019-01-24 17:36:06 -0330},
	Date-Modified = {2019-01-24 17:36:06 -0330},
	Doi = {10.1080/10556788.2011.597854},
	Issn = {1029-4937},
	Journal = {Optimization Methods and Software},
	Month = {Apr},
	Number = {2},
	Pages = {233--249},
	Publisher = {Informa UK Limited},
	Title = {AD Model Builder: using automatic differentiation for statistical inference of highly parameterized complex nonlinear models},
	Url = {http://dx.doi.org/10.1080/10556788.2011.597854},
	Volume = {27},
	Year = {2012},
	Bdsk-File-1 = {YnBsaXN0MDDSAQIDBFxyZWxhdGl2ZVBhdGhZYWxpYXNEYXRhXxBERmlsZXMvRm91cm5pZXIvQUQgTW9kZWwgQnVpbGRlciB1c2luZyBhdXRvbWF0aWMgZGlmZmVyZW50aWF0aW9uMC5wZGZPEQIiAAAAAAIiAAIAAAxNYWNpbnRvc2ggSEQAAAAAAAAAAAAAAAAAAAAAAAAAQkQAAf////8fQUQgTW9kZWwgQnVpbGRlciB1I0ZGRkZGRkZGLnBkZgAAAAAAAAAAAAAAAAAAAAAAAAAAAAAAAAAAAAAAAAAA/////wAAAAAAAAAAAAAAAAABAAQAAAogY3UAAAAAAAAAAAAAAAAACEZvdXJuaWVyAAIAbS86VXNlcnM6am9uYXRoYW5iYWJ5bjpEcm9wYm94OkJpYkxpYnJhcnk6RmlsZXM6Rm91cm5pZXI6QUQgTW9kZWwgQnVpbGRlciB1c2luZyBhdXRvbWF0aWMgZGlmZmVyZW50aWF0aW9uMC5wZGYAAA4AbAA1AEEARAAgAE0AbwBkAGUAbAAgAEIAdQBpAGwAZABlAHIAIAB1AHMAaQBuAGcAIABhAHUAdABvAG0AYQB0AGkAYwAgAGQAaQBmAGYAZQByAGUAbgB0AGkAYQB0AGkAbwBuADAALgBwAGQAZgAPABoADABNAGEAYwBpAG4AdABvAHMAaAAgAEgARAASAGtVc2Vycy9qb25hdGhhbmJhYnluL0Ryb3Bib3gvQmliTGlicmFyeS9GaWxlcy9Gb3Vybmllci9BRCBNb2RlbCBCdWlsZGVyIHVzaW5nIGF1dG9tYXRpYyBkaWZmZXJlbnRpYXRpb24wLnBkZgAAEwABLwAAFQACABT//wAAAAgADQAaACQAawAAAAAAAAIBAAAAAAAAAAUAAAAAAAAAAAAAAAAAAAKR}}

@article{Chiou_2014,
	Author = {Chiou, Jeng-Min and Zhang, Yi-Chen and Chen, Wan-Hui and Chang, Chiung-Wen},
	Date-Added = {2019-01-23 17:56:54 -0330},
	Date-Modified = {2019-01-23 17:56:54 -0330},
	Doi = {10.1080/21680566.2014.892847},
	Issn = {2168-0582},
	Journal = {Transportmetrica B: Transport Dynamics},
	Month = {Mar},
	Number = {2},
	Pages = {106--129},
	Publisher = {Informa UK Limited},
	Title = {A functional data approach to missing value imputation and outlier detection for traffic flow data},
	Url = {http://dx.doi.org/10.1080/21680566.2014.892847},
	Volume = {2},
	Year = {2014},
	Bdsk-File-1 = {YnBsaXN0MDDSAQIDBFxyZWxhdGl2ZVBhdGhZYWxpYXNEYXRhXxA7RmlsZXMvQ2hpb3UvQSBmdW5jdGlvbmFsIGRhdGEgYXBwcm9hY2ggdG8gbWlzc2luZyB2YWx1ZS5wZGZPEQIAAAAAAAIAAAIAAAxNYWNpbnRvc2ggSEQAAAAAAAAAAAAAAAAAAAAAAAAAQkQAAf////8fQSBmdW5jdGlvbmFsIGRhdGEgI0ZGRkZGRkZGLnBkZgAAAAAAAAAAAAAAAAAAAAAAAAAAAAAAAAAAAAAAAAAA/////wAAAAAAAAAAAAAAAAABAAQAAAogY3UAAAAAAAAAAAAAAAAABUNoaW91AAACAGQvOlVzZXJzOmpvbmF0aGFuYmFieW46RHJvcGJveDpCaWJMaWJyYXJ5OkZpbGVzOkNoaW91OkEgZnVuY3Rpb25hbCBkYXRhIGFwcHJvYWNoIHRvIG1pc3NpbmcgdmFsdWUucGRmAA4AYAAvAEEAIABmAHUAbgBjAHQAaQBvAG4AYQBsACAAZABhAHQAYQAgAGEAcABwAHIAbwBhAGMAaAAgAHQAbwAgAG0AaQBzAHMAaQBuAGcAIAB2AGEAbAB1AGUALgBwAGQAZgAPABoADABNAGEAYwBpAG4AdABvAHMAaAAgAEgARAASAGJVc2Vycy9qb25hdGhhbmJhYnluL0Ryb3Bib3gvQmliTGlicmFyeS9GaWxlcy9DaGlvdS9BIGZ1bmN0aW9uYWwgZGF0YSBhcHByb2FjaCB0byBtaXNzaW5nIHZhbHVlLnBkZgATAAEvAAAVAAIAFP//AAAACAANABoAJABiAAAAAAAAAgEAAAAAAAAABQAAAAAAAAAAAAAAAAAAAmY=}}

@book{ramsay2007applied,
	Author = {Ramsay, James O and Silverman, Bernard W},
	Publisher = {Springer},
	Title = {Applied functional data analysis: methods and case studies},
	Year = {2007}}

@article{embling_2012,
	Author = {Embling, Clare B. and Illian, Janine B. and Armstrong, Eric and van der Kooij, Jeroen and Sharples, Jonathan and Camphuysen, Kees C. J. and Scott, Beth E.},
	Date-Added = {2019-03-17 12:32:20 -0230},
	Date-Modified = {2019-03-17 12:37:17 -0230},
	Journal = {Journal of Applied Ecology},
	Pages = {481-492},
	Title = {Investigating fine-scale spatio-temporal predator-prey patterns in dynamic marine ecosystems: a functional data analysis approach},
	Volume = {49},
	Year = {2012},
	Bdsk-File-1 = {YnBsaXN0MDDSAQIDBFxyZWxhdGl2ZVBhdGhZYWxpYXNEYXRhXxBRRmlsZXMvRW1ibGluZy9JbnZlc3RpZ2F0aW5nIGZpbmUtc2NhbGUgc3BhdGlvLXRlbXBvcmFsIHByZWRhdG9yLXByZXkgcGF0dGVybnMucGRmTxECVgAAAAACVgACAAAMTWFjaW50b3NoIEhEAAAAAAAAAAAAAAAAAAAAAAAAAEJEAAH/////H0ludmVzdGlnYXRpbmcgZmluZSNGRkZGRkZGRi5wZGYAAAAAAAAAAAAAAAAAAAAAAAAAAAAAAAAAAAAAAAAAAP////8AAAAAAAAAAAAAAAAAAQAEAAAKIGN1AAAAAAAAAAAAAAAAAAdFbWJsaW5nAAACAHovOlVzZXJzOmpvbmF0aGFuYmFieW46RHJvcGJveDpCaWJMaWJyYXJ5OkZpbGVzOkVtYmxpbmc6SW52ZXN0aWdhdGluZyBmaW5lLXNjYWxlIHNwYXRpby10ZW1wb3JhbCBwcmVkYXRvci1wcmV5IHBhdHRlcm5zLnBkZgAOAIgAQwBJAG4AdgBlAHMAdABpAGcAYQB0AGkAbgBnACAAZgBpAG4AZQAtAHMAYwBhAGwAZQAgAHMAcABhAHQAaQBvAC0AdABlAG0AcABvAHIAYQBsACAAcAByAGUAZABhAHQAbwByAC0AcAByAGUAeQAgAHAAYQB0AHQAZQByAG4AcwAuAHAAZABmAA8AGgAMAE0AYQBjAGkAbgB0AG8AcwBoACAASABEABIAeFVzZXJzL2pvbmF0aGFuYmFieW4vRHJvcGJveC9CaWJMaWJyYXJ5L0ZpbGVzL0VtYmxpbmcvSW52ZXN0aWdhdGluZyBmaW5lLXNjYWxlIHNwYXRpby10ZW1wb3JhbCBwcmVkYXRvci1wcmV5IHBhdHRlcm5zLnBkZgATAAEvAAAVAAIAFP//AAAACAANABoAJAB4AAAAAAAAAgEAAAAAAAAABQAAAAAAAAAAAAAAAAAAAtI=}}
	
	@article{doubleday1981manual,
  title={Manual of groundfish surveys in the Northwest Atlantic},
  author={Doubleday, W},
  journal={NAFO Sci. Council Stud.},
  volume={2},
  pages={7--55},
  year={1981}
}

@book{canada1982strap,
  title={Strap-a User-oriented Computer Analysis System for Groundfish Research Trawl Survey Data},
  author={Canada. Department of Fisheries and Oceans and Smith, SJ and Somerton, GD},
  year={1982}
}

@article{mccallum1996groundfish,
  title={Groundfish survey trawls used at the Northwest Atlantic Fisheries Centre, 1971-present},
  author={McCallum, Barry R and Walsh, Stephen J},
  journal={NAFO SCR Doc},
  volume={96},
  number={50},
  pages={18},
  year={1996},
  publisher={Citeseer}
}

@book{rideout2017assessing,
  title={Assessing the status of the cod (Gadus morhua) stock in NAFO Subdivision 3Ps in 2016},
  author={Rideout, R.M. and Ings, D.W. and Brattey, J. and Morgan, M.J and Maddock Parsons, D. and Vigneau, J.},
  year={2017},
  publisher={Fisheries and Oceans Canada, Science, Newfoundland \& Labrador Region}
}
  
@book{ogle2016introductory,
  title={Introductory fisheries analyses with R},
  author={Ogle, Derek H},
  year={2016},
  publisher={Chapman and Hall/CRC}
}

@article{cadigan2010trends,
title = {Trends in Northwest Atlantic Fisheries Organization (NAFO) Subdivision 3Ps Cod (Gadus morhua) stock size based on a separable total mortality model and the Fisheries and Oceans Canada Research Vessel survey index},
author={Cadigan, Noel},
year={2010},
publisher={Fisheries and Oceans Canada, Science, Newfoundland \& Labrador Region}
}

@article{xu2015robust,
  title={Robust state space models for estimating fish stock maturities},
  author={Xu, Ximing and Cantoni, Eva and Flemming, Joanna Mills and Field, Chris},
  journal={Canadian Journal of Statistics},
  volume={43},
  number={1},
  pages={133--150},
  year={2015},
  publisher={Wiley Online Library}
}

@article{maunder2013review,
  title={A review of integrated analysis in fisheries stock assessment},
  author={Maunder, Mark N and Punt, Andr{\'e} E},
  journal={Fisheries Research},
  volume={142},
  pages={61--74},
  year={2013},
  publisher={Elsevier}
}

@article{kristensen2013estimating,
  title={Estimating spatio-temporal dynamics of size-structured populations},
  author={Kristensen, Kasper and Thygesen, Uffe H{\o}gsbro and Andersen, Ken Haste and Beyer, Jan E},
  journal={Canadian Journal of Fisheries and Aquatic Sciences},
  volume={71},
  number={2},
  pages={326--336},
  year={2013},
  publisher={NRC Research Press}
}

@article{berg2014evaluation,
  title={Evaluation of alternative age-based methods for estimating relative abundance from survey data in relation to assessment models},
  author={Berg, Casper W and Nielsen, Anders and Kristensen, Kasper},
  journal={Fisheries research},
  volume={151},
  pages={91--99},
  year={2014},
  publisher={Elsevier}
}

@article{gudmundsson2012selection,
  title={Selection and estimation of sequential catch-at-age models},
  author={Gudmundsson, Gudmundur and Gunnlaugsson, Thorvaldur},
  journal={Canadian journal of fisheries and aquatic sciences},
  volume={69},
  number={11},
  pages={1760--1772},
  year={2012},
  publisher={NRC Research Press}
}

@article{berg2012spatial,
  title={Spatial age-length key modelling using continuation ratio logits},
  author={Berg, Casper W and Kristensen, Kasper},
  journal={Fisheries Research},
  volume={129},
  pages={119--126},
  year={2012},
  publisher={Elsevier}
}

@article{cadigan2013update,
title = {Update of SURBA+ for 2J3KL cod},
author={Cadigan, Noel},
year={2013},
publisher={Fisheries and Oceans Canada, Science, Newfoundland \& Labrador Region}
}

@article{methot2005spatio,
  title={Spatio-temporal distribution of spawning and stock mixing of Atlantic cod from the northern Gulf of St. Lawrence and southern Newfoundland stocks on Burgeo Bank as revealed by maturity and trace elements of otoliths},
  author={M{\'e}thot, Red and Castonguay, Martin and Lambert, Yvan and Audet, C{\'e}line and Campana, Steven E},
  journal={Journal of Northwest Atlantic Fishery Science},
  volume={36},
  pages={31--42},
  year={2005},
  publisher={Citeseer}
}

@article{Cadigan2016A-state-space-s,
	Author = {Cadigan, N. G.},
	Date-Added = {2019-01-24 17:36:06 -0330},
	Date-Modified = {2019-01-24 17:51:32 -0330},
	Journal = {Canadian Journal of Fisheries and Aquatic Sciences},
	Title = {A state-space stock assessment model for northern cod, including under-reported catches and variable natural mortality rates},
	Volume = {73},
	Year = {2016},
	Bdsk-File-1 = {YnBsaXN0MDDSAQIDBFxyZWxhdGl2ZVBhdGhZYWxpYXNEYXRhXxBDRmlsZXMvQ2FkaWdhbi9BIHN0YXRlLXNwYWNlIHN0b2NrIGFzc2Vzc21lbnQgbW9kZWwgZm9yIG5vcnRoZXJuLnBkZk8RAh4AAAAAAh4AAgAADE1hY2ludG9zaCBIRAAAAAAAAAAAAAAAAAAAAAAAAABCRAAB/////x9BIHN0YXRlLXNwYWNlIHN0b2MjRkZGRkZGRkYucGRmAAAAAAAAAAAAAAAAAAAAAAAAAAAAAAAAAAAAAAAAAAD/////AAAAAAAAAAAAAAAAAAEABAAACiBjdQAAAAAAAAAAAAAAAAAHQ2FkaWdhbgAAAgBsLzpVc2Vyczpqb25hdGhhbmJhYnluOkRyb3Bib3g6QmliTGlicmFyeTpGaWxlczpDYWRpZ2FuOkEgc3RhdGUtc3BhY2Ugc3RvY2sgYXNzZXNzbWVudCBtb2RlbCBmb3Igbm9ydGhlcm4ucGRmAA4AbAA1AEEAIABzAHQAYQB0AGUALQBzAHAAYQBjAGUAIABzAHQAbwBjAGsAIABhAHMAcwBlAHMAcwBtAGUAbgB0ACAAbQBvAGQAZQBsACAAZgBvAHIAIABuAG8AcgB0AGgAZQByAG4ALgBwAGQAZgAPABoADABNAGEAYwBpAG4AdABvAHMAaAAgAEgARAASAGpVc2Vycy9qb25hdGhhbmJhYnluL0Ryb3Bib3gvQmliTGlicmFyeS9GaWxlcy9DYWRpZ2FuL0Egc3RhdGUtc3BhY2Ugc3RvY2sgYXNzZXNzbWVudCBtb2RlbCBmb3Igbm9ydGhlcm4ucGRmABMAAS8AABUAAgAU//8AAAAIAA0AGgAkAGoAAAAAAAACAQAAAAAAAAAFAAAAAAAAAAAAAAAAAAACjA==}}

@article{Xu2016Tukey-g-and-h-R,
	Author = {Xu, Ganggang and Genton, Marc G.},
	Date-Added = {2019-01-23 17:56:54 -0330},
	Date-Modified = {2019-01-23 20:24:12 -0330},
	Journal = {Journal of the American Statistical Association},
	Number = {519},
	Title = {Tukey g-and-h Random Fields},
	Volume = {112},
	Year = {2016},
	Bdsk-File-1 = {YnBsaXN0MDDSAQIDBFxyZWxhdGl2ZVBhdGhZYWxpYXNEYXRhXxA5Li4vQXJ0aWNsZXMvU3RhdHNBcnRpY2xlcy9UdWtleSBnIGFuZCBoIFJhbmRvbSBGaWVsZHMucGRmTxEByAAAAAAByAACAAAMTWFjaW50b3NoIEhEAAAAAAAAAAAAAAAAAAAAAAAAAEJEAAH/////H1R1a2V5IGcgYW5kIGggUmFuZG9tIEZpZWxkcy5wZGYAAAAAAAAAAAAAAAAAAAAAAAAAAAAAAAAAAAAAAAAAAP////8AAAAAAAAAAAAAAAAAAQADAAAKIGN1AAAAAAAAAAAAAAAAAA1TdGF0c0FydGljbGVzAAACAFQvOlVzZXJzOmpvbmF0aGFuYmFieW46RHJvcGJveDpBcnRpY2xlczpTdGF0c0FydGljbGVzOlR1a2V5IGcgYW5kIGggUmFuZG9tIEZpZWxkcy5wZGYADgBAAB8AVAB1AGsAZQB5ACAAZwAgAGEAbgBkACAAaAAgAFIAYQBuAGQAbwBtACAARgBpAGUAbABkAHMALgBwAGQAZgAPABoADABNAGEAYwBpAG4AdABvAHMAaAAgAEgARAASAFJVc2Vycy9qb25hdGhhbmJhYnluL0Ryb3Bib3gvQXJ0aWNsZXMvU3RhdHNBcnRpY2xlcy9UdWtleSBnIGFuZCBoIFJhbmRvbSBGaWVsZHMucGRmABMAAS8AABUAAgAU//8AAAAIAA0AGgAkAGAAAAAAAAACAQAAAAAAAAAFAAAAAAAAAAAAAAAAAAACLA==}}
	
@article{Wallin_2015,
	Author = {Wallin, Jonas and Bolin, David},
	Date-Added = {2019-01-23 17:56:54 -0330},
	Date-Modified = {2019-01-23 17:56:54 -0330},
	Doi = {10.1111/sjos.12141},
	Issn = {0303-6898},
	Journal = {Scandinavian Journal of Statistics},
	Month = {Feb},
	Number = {3},
	Pages = {872--890},
	Publisher = {Wiley},
	Title = {Geostatistical Modelling Using Non-Gaussian Mat{\'e}rn Fields},
	Url = {http://dx.doi.org/10.1111/sjos.12141},
	Volume = {42},
	Year = {2015},
	Bdsk-File-1 = {YnBsaXN0MDDSAQIDBFxyZWxhdGl2ZVBhdGhZYWxpYXNEYXRhbxBEAEYAaQBsAGUAcwAvAFcAYQBsAGwAaQBuAC8ARwBlAG8AcwB0AGEAdABpAHMAdABpAGMAYQBsACAATQBvAGQAZQBsAGwAaQBuAGcAIABVAHMAaQBuAGcAIABOAG8AbgAtAEcAYQB1AHMAcwBpAGEAbgAgAE0AYQB0AGUDAQByAG4ALgBwAGQAZk8RAiQAAAAAAiQAAgAADE1hY2ludG9zaCBIRAAAAAAAAAAAAAAAAAAAAAAAAABCRAAB/////x9HZW9zdGF0aXN0aWNhbCBNb2QjRkZGRkZGRkYucGRmAAAAAAAAAAAAAAAAAAAAAAAAAAAAAAAAAAAAAAAAAAD/////AAAAAAAAAAAAAAAAAAEABAAACiBjdQAAAAAAAAAAAAAAAAAGV2FsbGluAAIAbi86VXNlcnM6am9uYXRoYW5iYWJ5bjpEcm9wYm94OkJpYkxpYnJhcnk6RmlsZXM6V2FsbGluOkdlb3N0YXRpc3RpY2FsIE1vZGVsbGluZyBVc2luZyBOb24tR2F1c3NpYW4gTWF0ZcyBcm4ucGRmAA4AcAA3AEcAZQBvAHMAdABhAHQAaQBzAHQAaQBjAGEAbAAgAE0AbwBkAGUAbABsAGkAbgBnACAAVQBzAGkAbgBnACAATgBvAG4ALQBHAGEAdQBzAHMAaQBhAG4AIABNAGEAdABlAwEAcgBuAC4AcABkAGYADwAaAAwATQBhAGMAaQBuAHQAbwBzAGgAIABIAEQAEgBsVXNlcnMvam9uYXRoYW5iYWJ5bi9Ecm9wYm94L0JpYkxpYnJhcnkvRmlsZXMvV2FsbGluL0dlb3N0YXRpc3RpY2FsIE1vZGVsbGluZyBVc2luZyBOb24tR2F1c3NpYW4gTWF0ZcyBcm4ucGRmABMAAS8AABUAAgAU//8AAAAIAA0AGgAkAK8AAAAAAAACAQAAAAAAAAAFAAAAAAAAAAAAAAAAAAAC1w==}}

	
@article{Nielsen2014Estimation-of-t,
	Author = {Nielsen, Anders and Berg, Casper W.},
	Date-Added = {2019-01-24 17:36:06 -0330},
	Date-Modified = {2019-01-24 17:52:30 -0330},
	Journal = {Fisheries Research},
	Title = {Estimation of time-varying selectivity in stock assessments using state-space models},
	Volume = {158},
	Year = {2014},
	Bdsk-File-1 = {YnBsaXN0MDDSAQIDBFxyZWxhdGl2ZVBhdGhZYWxpYXNEYXRhXxBNRmlsZXMvTmllbHNlbi9Fc3RpbWF0aW9uIG9mIHRpbWUtdmFyeWluZyBzZWxlY3Rpdml0eSBpbiBzdG9jayBhc3Nlc3NtZW50cy5wZGZPEQJGAAAAAAJGAAIAAAxNYWNpbnRvc2ggSEQAAAAAAAAAAAAAAAAAAAAAAAAAQkQAAf////8fRXN0aW1hdGlvbiBvZiB0aW1lI0ZGRkZGRkZGLnBkZgAAAAAAAAAAAAAAAAAAAAAAAAAAAAAAAAAAAAAAAAAA/////wAAAAAAAAAAAAAAAAABAAQAAAogY3UAAAAAAAAAAAAAAAAAB05pZWxzZW4AAAIAdi86VXNlcnM6am9uYXRoYW5iYWJ5bjpEcm9wYm94OkJpYkxpYnJhcnk6RmlsZXM6TmllbHNlbjpFc3RpbWF0aW9uIG9mIHRpbWUtdmFyeWluZyBzZWxlY3Rpdml0eSBpbiBzdG9jayBhc3Nlc3NtZW50cy5wZGYADgCAAD8ARQBzAHQAaQBtAGEAdABpAG8AbgAgAG8AZgAgAHQAaQBtAGUALQB2AGEAcgB5AGkAbgBnACAAcwBlAGwAZQBjAHQAaQB2AGkAdAB5ACAAaQBuACAAcwB0AG8AYwBrACAAYQBzAHMAZQBzAHMAbQBlAG4AdABzAC4AcABkAGYADwAaAAwATQBhAGMAaQBuAHQAbwBzAGgAIABIAEQAEgB0VXNlcnMvam9uYXRoYW5iYWJ5bi9Ecm9wYm94L0JpYkxpYnJhcnkvRmlsZXMvTmllbHNlbi9Fc3RpbWF0aW9uIG9mIHRpbWUtdmFyeWluZyBzZWxlY3Rpdml0eSBpbiBzdG9jayBhc3Nlc3NtZW50cy5wZGYAEwABLwAAFQACABT//wAAAAgADQAaACQAdAAAAAAAAAIBAAAAAAAAAAUAAAAAAAAAAAAAAAAAAAK+}}
	
@book{mcclintock2011fall,
  title={The Fall 2007 NAFO Subdivision 3Ps GEAC Survey: Catch Results for Atlantic Cod (Gadus Morhua), American Plaice (Hippoglossoides Platessoides F.), Witch Flounder (Glyptosephalus Synoglossus L.), and Haddock (Melanogrammus Aeglefinus)},
  author={McClintock, John},
  year={2011},
  publisher={Canadian Science Advisory Secretariat= Secr{\'e}tariat canadien de consultation~…}
}

@book{mcclintock2005year,
  title={Year Eight of the NAFO Subdivision 3Ps Fall GEAC Surveys: Catch Results for Atlantic Cod (Gadus morhua), American Plaice (Hippoglossoides platessoides F.), Witch Flounder (Glyptocephalus cynoglossus L.), and Haddock (Melanogrammus aeglefinus)},
  author={McClintock, John},
  year={2011},
  publisher={Canadian Science Advisory Secretariat= Secr{\'e}tariat canadien de consultation~…}
}

@book{brattey2005assessment,
  title={Assessment of the cod (Gadus morhua) stock in NAFO Subdiv. 3Ps in October 2005},
  author={Brattey, John and Cadigan, NG and Healey, BP and Lilly, GR and Murphy, EF and Shelton, PA and Mah{\'e}, JC},
  year={2005},
  publisher={Fisheries \& Oceans Canada, Science, Canadian Science Advisory Secretariat}
}

@book{rideout2017assessing,
title={Assessing the status of the cod (Gadus morhua) stock in NAFO Subdivision 3Ps in 2016},
author={Rideout,R.M. and Ings, D.W. and Healey, B.P. and Brattey, J. and Morgan, M.J. and Maddock Parsons, D. and Vigneau, J.},
year={2017},
publisher={Fisheries \& Oceans Canada, Science, Canadian Science Advisory Secretariat}
}

@article{Thygesen2017validation,
title = "Validation of ecological state space models using the Laplace approximation",
abstract = "Many statistical models in ecology follow the state space paradigm. For such models, the important step of model validation rarely receives as much attention as estimation or hypothesis testing, perhaps due to lack of available algorithms and software. Model validation is often based on a naive adaptation of Pearson residuals, i.e. the difference between observations and posterior means, even if this approach is flawed. Here, we consider validation of state space models through one-step prediction errors, and discuss principles and practicalities arising when the model has been fitted with a tool for estimation in general mixed effects models. Implementing one-step predictions in the R package Template Model Builder, we demonstrate that it is possible to perform model validation with little effort, even if the ecological model is multivariate, has non-linear dynamics, and whether observations are continuous or discrete. With both simulated data, and a real data set related to geolocation of seals, we demonstrate both the potential and the limitations of the techniques. Our results fill a need for convenient methods for validating a state space model, or alternatively, rejecting it while indicating useful directions in which the model could be improved.",
keywords = "Life Sciences, Ecology, Statistics, general, Mathematical and Computational Biology, Evolutionary Biology, SC3, Maximum likelihood estimation, Model validation, Residual analysis, Statistical ecology, State space methods, Time series analysis",
author = "Thygesen, {Uffe H{\o}gsbro} and Albertsen, {Christoffer Moesgaard} and Berg, {Casper Willestofte} and Kasper Kristensen and Anders Nielsen",
year = "2017",
doi = "10.1007/s10651-017-0372-4",
language = "English",
volume = "24",
pages = "317--339",
journal = "Environmental and Ecological Statistics",
issn = "1352-8505",
publisher = "Springer New York LLC",
number = "2",

}

@article{aeberhard2018review,
  title={Review of state-space models for fisheries science},
  author={Aeberhard, William H and Mills Flemming, Joanna and Nielsen, Anders},
  journal={Annual Review of Statistics and Its Application},
  volume={5},
  pages={215--235},
  year={2018},
  publisher={Annual Reviews}
}
